@misc{wu-etal-2016-googles,
    title={Google's Neural Machine Translation System: Bridging the Gap between Human and Machine Translation},
    author={Yonghui Wu and Mike Schuster and Zhifeng Chen and Quoc V. Le and Mohammad Norouzi and Wolfgang Macherey and Maxim Krikun and Yuan Cao and Qin Gao and Klaus Macherey and Jeff Klingner and Apurva Shah and Melvin Johnson and Xiaobing Liu and Łukasz Kaiser and Stephan Gouws and Yoshikiyo Kato and Taku Kudo and Hideto Kazawa and Keith Stevens and George Kurian and Nishant Patil and Wei Wang and Cliff Young and Jason Smith and Jason Riesa and Alex Rudnick and Oriol Vinyals and Greg Corrado and Macduff Hughes and Jeffrey Dean},
    year={2016},
    eprint={1609.08144},
    archivePrefix={arXiv},
    primaryClass={cs.CL}
}
@misc{wang-etal-2017-sequence,
    title={Sequence Modeling via Segmentations},
    author={Chong Wang and Yining Wang and Po-Sen Huang and Abdelrahman Mohamed and Dengyong Zhou and Li Deng},
    year={2017},
    eprint={1702.07463},
    archivePrefix={arXiv},
    primaryClass={stat.ML}
}
@misc{chan-etal-2020-imputer,
    title={Imputer: Sequence Modelling via Imputation and Dynamic Programming},
    author={William Chan and Chitwan Saharia and Geoffrey Hinton and Mohammad Norouzi and Navdeep Jaitly},
    year={2020},
    eprint={2002.08926},
    archivePrefix={arXiv},
    primaryClass={eess.AS}
}
@misc{saharia-etal-2020-nonautoregressive,
    title={Non-Autoregressive Machine Translation with Latent Alignments},
    author={Chitwan Saharia and William Chan and Saurabh Saxena and Mohammad Norouzi},
    year={2020},
    eprint={2004.07437},
    archivePrefix={arXiv},
    primaryClass={cs.CL}
}
@INPROCEEDINGS{schuster-nakajima-2012-japanese,
    author={M. {Schuster} and K. {Nakajima}},
    booktitle={2012 IEEE International Conference on Acoustics, Speech and Signal Processing (ICASSP)},
    title={Japanese and Korean voice search},
    year={2012},
    volume={},
    number={},
    pages={5149-5152}
}
@inproceedings{nagao-1984-framework,
    title = {A Framework of a Mechanical Translation between Japanese and English by Analogy Principle},
    author = {Nagao, Makoto},
    booktitle = {Proc. of the International NATO Symposium on Artificial and Human Intelligence},
    year = {1984},
    isbn = {0444865454},
    publisher = {Elsevier North-Holland, Inc.},
    address = {USA},
    pages = {173–180},
    numpages = {8},
    location = {Lyon, France}
}
@inproceedings{gu-etal-2018-search,
    title = {Search Engine Guided Neural Machine Translation},
    author = {Jiatao Gu and
      Yong Wang and
      Kyunghyun Cho and
      Victor O. K. Li},
    booktitle = {Proceedings of the Thirty-Second {AAAI} Conference on Artificial Intelligence,
                 (AAAI-18), the 30th innovative Applications of Artificial Intelligence
                 (IAAI-18), and the 8th {AAAI} Symposium on Educational Advances in
                 Artificial Intelligence (EAAI-18), New Orleans, Louisiana, USA, February
                 2-7, 2018},
    year = {2018},
    pages = {5133--5140},
    publisher = {{AAAI} Press},
}